<record><leader>00000cas a22000007a 4500</leader><controlfield tag="001">23459379</controlfield><controlfield tag="008">910412d19261926coucr ne      0    0eng d</controlfield><datafield ind1=" " ind2=" " tag="010"><subfield code="a">sn 91052493 </subfield></datafield><datafield ind1=" " ind2=" " tag="040"><subfield code="a">CNQ</subfield><subfield code="b">eng</subfield><subfield code="c">CNQ</subfield><subfield code="d">OCLCQ</subfield></datafield><datafield ind1=" " ind2=" " tag="042"><subfield code="a">msc</subfield></datafield><datafield ind1="0" ind2="4" tag="245"><subfield code="a">The Salida, Colorado, record.</subfield></datafield><datafield ind1=" " ind2=" " tag="260"><subfield code="a">Salida, Colo. :</subfield><subfield code="b">F.G. Hedges</subfield></datafield><datafield ind1=" " ind2=" " tag="300"><subfield code="a">v.</subfield></datafield><datafield ind1=" " ind2=" " tag="310"><subfield code="a">Semiweekly</subfield></datafield><datafield ind1="0" ind2=" " tag="362"><subfield code="a">Vol. 34, no. 76 (Dec. 14, 1926)-v. 34, no. 81 (Dec. 31, 1926).</subfield></datafield><datafield ind1=" " ind2=" " tag="752"><subfield code="a">United States</subfield><subfield code="b">Colorado</subfield><subfield code="c">Chaffee</subfield><subfield code="d">Salida.</subfield></datafield><datafield ind1="0" ind2="0" tag="780"><subfield code="t">Salida semi-weekly record</subfield><subfield code="w">(DLC)sn 91052492</subfield></datafield><datafield ind1="0" ind2="0" tag="785"><subfield code="t">Salida record (Salida, Colo. : 1927)</subfield><subfield code="w">(DLC)sn 91052494</subfield></datafield></record>